@article{Takagi,
  title={解析概論},
  author={高木貞治},
  journal={(No Title)},
  year={1961}
}
@article{yp,
  title={数学分析讲义},
  author={于品},
  journal={(No Title)},
  year={2020}
}